@article{Andersen-2001,
 author = {Andersen, Bjarne Stig and Wa\'{s}niewski, Jerzy and Gustavson, Fred G.},
 title = {A Recursive Formulation of Cholesky Factorization of a Matrix in Packed Storage},
 journal = {ACM Trans. Math. Softw.},
 issue_date = {June 2001},
 volume = {27},
 number = {2},
 month = jun,
 year = {2001},
 issn = {0098-3500},
 pages = {214--244},
 numpages = {31},
 url = {http://doi.acm.org/10.1145/383738.383741},
 doi = {10.1145/383738.383741},
 acmid = {383741},
 publisher = {ACM},
 address = {New York, NY, USA},
 keywords = {BLAS, Cholesky factorization and solution, complex Hermitian matrices, novel packed matrix data structures, positive definite matrices, real symmetric matrices, recursive algorithms},
} 

@article{Tarasconi,
author={Ruschel, Joao Paulo Tarasconi},
title={Parallel implementations of the cholesky decomposition on CPUs and GPUs},
journal={Universidade Federal do Rio Grande do Sul. Instituto de Informatica. Curso de Ciencia da Computacao: Enfase em Ciencia da Computacao: Bacharelado.},
year={2016},
url={http://hdl.handle.net/10183/151001},
}

@article{Lomont,
author={Chris Lomont},
title={Introduction to Intel Advanced Vector Extensions},
month={jun},
year={2011},
url={https://software.intel.com/en-us/articles/introduction-to-intel-advanced-vector-extensions},
}
